<?xml version="1.0" encoding="UTF-8"?><collection xmlns="http://www.loc.gov/MARC21/slim"><record><leader>00472nam--2200133-i-4500</leader><controlfield tag="001">000040292</controlfield><controlfield tag="002">20161230</controlfield><controlfield tag="005">20161230201042</controlfield><controlfield tag="008">060222s1000------------r-----000-0-eng-d</controlfield><datafield ind1=" " ind2=" " tag="080"><subfield code="a">621.039.526(043):621.039.519.4</subfield></datafield><datafield ind1=" " ind2=" " tag="100"><subfield code="a">Santos Bastos, Willma</subfield></datafield><datafield ind1=" " ind2=" " tag="245"><subfield code="a">Etude experimentale dans l`assemblage ermine, des caracteristiques neutroniques du milieu multiplicateur en uranium...these</subfield></datafield><datafield ind1=" " ind2=" " tag="260"><subfield code="a">Paris, Univ.De Paris Xi, Centre D`Orsay, 1973. 126 + 27 Fig</subfield></datafield><datafield ind1=" " ind2=" " tag="852"><subfield code="a">40339</subfield></datafield></record></collection>